<collection xmlns="http://www.loc.gov/MARC21/slim"><record><leader>00677nam  2200217   450</leader><controlfield tag="001">159</controlfield><controlfield tag="003">http://montalegre.opacnet.com/OPAC/default.aspx?ContentAreaControl=ShowRegHoldings.ascx&amp;RegNo=16662</controlfield><controlfield tag="005">20</controlfield><datafield tag="095" ind1=" " ind2=" "><subfield code="a">PTBN00277399</subfield></datafield><datafield tag="100" ind1=" " ind2=" "><subfield code="a">19641101d1964    m  y0pora010305  ba</subfield></datafield><datafield tag="101" ind1="1" ind2=" "><subfield code="a">por</subfield><subfield code="c">fre</subfield></datafield><datafield tag="102" ind1=" " ind2=" "><subfield code="a">PT</subfield></datafield><datafield tag="200" ind1="1" ind2=" "><subfield code="a">&lt;A &gt;peste</subfield><subfield code="f">Albert Camus</subfield></datafield><datafield tag="210" ind1=" " ind2=" "><subfield code="a">Lisboa</subfield><subfield code="c">Livros do Brasil</subfield><subfield code="d">[D.L. 1964]</subfield></datafield><datafield tag="215" ind1=" " ind2=" "><subfield code="a">333, [2] p.</subfield><subfield code="d">20 cm</subfield></datafield><datafield tag="304" ind1=" " ind2=" "><subfield code="a">Tít. orig.: La peste</subfield></datafield><datafield tag="675" ind1=" " ind2=" "><subfield code="a">821</subfield><subfield code="v">BN</subfield><subfield code="z">por</subfield></datafield><datafield tag="700" ind1=" " ind2="1"><subfield code="a">Camus</subfield><subfield code="b">Albert</subfield><subfield code="f">1913-1960</subfield></datafield><datafield tag="702" ind1=" " ind2="1"><subfield code="a">Cardoso</subfield><subfield code="b">Ersílio</subfield><subfield code="f">1911</subfield><subfield code="4">730</subfield></datafield><datafield tag="801" ind1=" " ind2="0"><subfield code="a">PT</subfield><subfield code="b">Biblioteca Municipal de Montalegre</subfield><subfield code="g">RPC</subfield></datafield><datafield tag="856" ind1=" " ind2=" "><subfield code="u">locateMedia.asp?cod=20060509161021&amp;ext=jpg</subfield><subfield code="z">CAPA</subfield></datafield><datafield tag="909" ind1="&#9;" ind2=" "><subfield code="a">1</subfield></datafield><datafield tag="966" ind1=" " ind2=" "><subfield code="a">0008311</subfield><subfield code="l">BMM</subfield><subfield code="s">SCG 821 CAM pes</subfield></datafield></record></collection>